@inbook{application,
author = {Martincic, Fernando and Schwiebert, Loren},
publisher = {John Wiley \& Sons, Ltd},
isbn = {9780471744146},
title = {Introduction to Wireless Sensor Networking},
booktitle = {Handbook of Sensor Networks},
chapter = {1},
pages = {1-40},
doi = {10.1002/047174414X.ch1},
url = {https://onlinelibrary.wiley.com/doi/abs/10.1002/047174414X.ch1},
eprint = {https://onlinelibrary.wiley.com/doi/pdf/10.1002/047174414X.ch1},
year = {2005}
}

@INBOOK{architecture,
author={J. {Zheng} and A. {Jamalipour}},
booktitle={Wireless Sensor Networks: A Networking Perspective},
title={Network Architectures and Protocol Stack},
year={2009},
volume={},
number={},
pages={19-33},
keywords={},
doi={10.1002/9780470443521.ch2},
ISSN={null},
publisher={IEEE},
isbn={null},
url={https://ieeexplore.ieee.org/document/5396943},}

@article{konstantinidis2011multi,
  title={Multi-objective energy-efficient dense deployment in Wireless Sensor Networks using a hybrid problem-specific MOEA/D},
  author={Konstantinidis, Andreas and Yang, Kun},
  journal={Applied Soft Computing},
  volume={11},
  number={6},
  pages={4117--4134},
  year={2011},
  publisher={Elsevier}
}

@article{gupta2016genetic,
  title={Genetic algorithm approach for k-coverage and m-connected node placement in target based wireless sensor networks},
  author={Gupta, Suneet Kumar and Kuila, Pratyay and Jana, Prasanta K},
  journal={Computers \& Electrical Engineering},
  volume={56},
  pages={544--556},
  year={2016},
  publisher={Elsevier}
}

@techreport{hagberg2008exploring,
  title={Exploring network structure, dynamics, and function using NetworkX},
  author={Hagberg, Aric and Swart, Pieter and S Chult, Daniel},
  year={2008},
  institution={Los Alamos National Lab.(LANL), Los Alamos, NM (United States)}
}

@article{deb2002fast,
  title={A fast and elitist multiobjective genetic algorithm: NSGA-II},
  author={Deb, Kalyanmoy and Pratap, Amrit and Agarwal, Sameer and Meyarivan, TAMT},
  journal={IEEE transactions on evolutionary computation},
  volume={6},
  number={2},
  pages={182--197},
  year={2002},
  publisher={IEEE}
}

@article{zhang2007moea,
  title={MOEA/D: A multiobjective evolutionary algorithm based on decomposition},
  author={Zhang, Qingfu and Li, Hui},
  journal={IEEE Transactions on evolutionary computation},
  volume={11},
  number={6},
  pages={712--731},
  year={2007},
  publisher={IEEE}
}

@inproceedings{palmer1994representing,
  title={Representing trees in genetic algorithms},
  author={Palmer, Charles C and Kershenbaum, Aaron},
  booktitle={Proceedings of the First IEEE Conference on Evolutionary Computation. IEEE World Congress on Computational Intelligence},
  pages={379--384},
  year={1994},
  organization={IEEE}
}

@article{dietrich2009lifetime,
  title={On the lifetime of wireless sensor networks},
  author={Dietrich, Isabel and Dressler, Falko},
  journal={ACM Transactions on Sensor Networks (TOSN)},
  volume={5},
  number={1},
  pages={1--39},
  year={2009},
  publisher={ACM New York, NY, USA}
}

@article{fan2010coverage,
  title={Coverage problem in wireless sensor network: A survey},
  author={Fan, GaoJun and Jin, ShiYao},
  journal={Journal of networks},
  volume={5},
  number={9},
  pages={1033},
  year={2010},
  publisher={Academy Publisher}
}

@article{fei2016survey,
  title={A survey of multi-objective optimization in wireless sensor networks: Metrics, algorithms, and open problems},
  author={Fei, Zesong and Li, Bin and Yang, Shaoshi and Xing, Chengwen and Chen, Hongbin and Hanzo, Lajos},
  journal={IEEE Communications Surveys \& Tutorials},
  volume={19},
  number={1},
  pages={550--586},
  year={2016},
  publisher={IEEE}
}
@article{zhang2005maintaining,
  title={Maintaining sensing coverage and connectivity in large sensor networks.},
  author={Zhang, Honghai and Hou, Jennifer C and others},
  journal={Ad Hoc \& Sensor Wireless Networks},
  volume={1},
  number={1-2},
  pages={89--124},
  year={2005}
}
@article{thai2008coverage,
  title={Coverage problems in wireless sensor networks: designs and analysis},
  author={Thai, My T and Wang, Feng and Du, David Hongwei and Jia, Xiaohua},
  journal={International Journal of Sensor Networks},
  volume={3},
  number={3},
  pages={191},
  year={2008},
  publisher={Inderscience Enterprises Ltd}
}
@article{huang2005coverage,
  title={The coverage problem in a wireless sensor network},
  author={Huang, Chi-Fu and Tseng, Yu-Chee},
  journal={Mobile networks and Applications},
  volume={10},
  number={4},
  pages={519--528},
  year={2005},
  publisher={Springer}
}

@article{tian2005connectivity,
  title={Connectivity maintenance and coverage preservation in wireless sensor networks},
  author={Tian, Di and Georganas, Nicolas D},
  journal={Ad Hoc Networks},
  volume={3},
  number={6},
  pages={744--761},
  year={2005},
  publisher={Elsevier}
}

@article{sengupta2013multi,
  title={Multi-objective node deployment in WSNs: In search of an optimal trade-off among coverage, lifetime, energy consumption, and connectivity},
  author={Sengupta, Soumyadip and Das, Swagatam and Nasir, MD and Panigrahi, Bijaya K},
  journal={Engineering Applications of Artificial Intelligence},
  volume={26},
  number={1},
  pages={405--416},
  year={2013},
  publisher={Elsevier}
}

@article{konstantinidis2011multi2,
  title={Multi-objective k-connected deployment and power assignment in wsns using a problem-specific constrained evolutionary algorithm based on decomposition},
  author={Konstantinidis, Andreas and Yang, Kun},
  journal={Computer Communications},
  volume={34},
  number={1},
  pages={83--98},
  year={2011},
  publisher={Elsevier}
}